<record><leader>00000cas a2200000Ma 4500</leader><controlfield tag="001">11033836</controlfield><controlfield tag="008">840808d18671923aluwr ne      0    0eng d</controlfield><datafield ind1=" " ind2=" " tag="010"><subfield code="a">sn 84023573 </subfield></datafield><datafield ind1=" " ind2=" " tag="040"><subfield code="a">AQM</subfield><subfield code="b">eng</subfield><subfield code="c">AQM</subfield><subfield code="d">OCLCQ</subfield></datafield><datafield ind1="0" ind2=" " tag="130"><subfield code="a">Moulton advertiser (Moulton, Ala. : 1867)</subfield></datafield><datafield ind1="1" ind2="4" tag="245"><subfield code="a">The Moulton advertiser.</subfield></datafield><datafield ind1=" " ind2=" " tag="260"><subfield code="a">Moulton, Ala. :</subfield><subfield code="b">D.C. White &amp; C.C. Harris,</subfield><subfield code="c">1867-1923.</subfield></datafield><datafield ind1=" " ind2=" " tag="300"><subfield code="a">v.</subfield></datafield><datafield ind1=" " ind2=" " tag="310"><subfield code="a">Weekly</subfield></datafield><datafield ind1="0" ind2=" " tag="362"><subfield code="a">Vol. 1, no. 1 (Feb. 9, 1867)-v. 3, no. 13 (May 7, 1869) ; v. 31, no. 14 (May 14, 1869)-v. 94, no. 1 (Jan. 3, 1923).</subfield></datafield><datafield ind1=" " ind2=" " tag="515"><subfield code="a">Numbering is irregular.</subfield></datafield><datafield ind1=" " ind2=" " tag="515"><subfield code="a">Suspended Sept. 1867-Feb. 28, 1868 by order of military government. Issued from this press during the suspension, a Republican campaign paper: Union (Moulton, Ala.). Cf. Ellison, R.C. Hist. and bibl. of Ala. newspapers in the nineteenth century.</subfield></datafield><datafield ind1=" " ind2="7" tag="655"><subfield code="a">Newspapers.</subfield><subfield code="2">rbgenr</subfield></datafield><datafield ind1=" " ind2=" " tag="752"><subfield code="a">United States</subfield><subfield code="b">Alabama</subfield><subfield code="c">Lawrence</subfield><subfield code="d">Moulton.</subfield></datafield><datafield ind1="0" ind2="0" tag="785"><subfield code="t">Lawrence county times and the Moulton advertiser</subfield><subfield code="w">(DLC)sn 86050462</subfield></datafield><datafield ind1="1" ind2=" " tag="029"><subfield code="a">AU@</subfield><subfield code="b">000020341655</subfield></datafield></record>